% Bibliography for Data-Driven IVF Counseling Paper
% Generated from references_validated.md with comprehensive clinical and technical references

% =====================================
% HIGH PRIORITY REFERENCES
% =====================================

% AMH Age-Dependent Percentiles
@article{lee2017amh,
    title={Reference values for the revised anti-{M}üllerian hormone generation {II} assay: infertile population-based study},
    author={Lee, Jung Yoon and Ahn, Sooyoung and Lee, Jung Ryeol and Jee, Byung Chul and Kim, Chang Hoon and Seo, Seok and Kim, Seok Hyun},
    journal={Journal of Korean Medical Science},
    volume={32},
    number={5},
    pages={825--829},
    year={2017},
    doi={10.3346/jkms.2017.32.5.825}
}

@article{song2021amh,
    title={Age-group-specific reference intervals for anti-{M}üllerian hormone and its diagnostic performance for polycystic ovary syndrome in a {K}orean population},
    author={Song, Jieun and Park, Yongho and Cho, Hyun Woo and Lee, Sail Gu and Kim, Seungho and Lim, Jong Bum},
    journal={Journal of Clinical Laboratory Analysis},
    volume={35},
    number={7},
    pages={e23861},
    year={2021},
    doi={10.1002/jcla.23861}
}

@article{seifer2002amh,
    title={Early follicular serum müllerian-inhibiting substance levels are associated with ovarian response during assisted reproductive technology cycles},
    author={Seifer, David B and MacLaughlin, Doreen T and Christian, Beth P and Feng, Bing and Shelden, Robin M},
    journal={Fertility and Sterility},
    volume={77},
    number={3},
    pages={468--471},
    year={2002},
    doi={10.1016/s0015-0282(01)03201-0}
}

% Inter-observer Variability in Embryology
@article{paternot2009observer,
    title={Intra- and inter-observer analysis in the morphological assessment of early-stage embryos},
    author={Paternot, Geert and Devroe, Josien and Debrock, Sophie and D'Hooghe, Thomas M and Spiessens, Carl},
    journal={Reproductive Biology and Endocrinology},
    volume={7},
    pages={105},
    year={2009},
    doi={10.1186/1477-7827-7-105}
}

@article{paternot2011multicentre,
    title={Intra- and interobserver analysis in the morphological assessment of early stage embryos during an {IVF} procedure: a multicentre study},
    author={Paternot, Geert and Wetzels, Annemieke MM and Thonon, Francoise and Vansteenbrugge, Anick and Willemen, Diane and Devroe, Josien and Spiessens, Carl},
    journal={Reproductive Biology and Endocrinology},
    volume={9},
    pages={127},
    year={2011},
    doi={10.1186/1477-7827-9-127}
}

% Current IVF Success Rates and Clinical Context
@misc{hfea2024statistics,
    title={{IVF} and other fertility treatment statistics},
    author={{Human Fertilisation and Embryology Authority}},
    year={2024},
    publisher={HFEA},
    address={London}
}

@misc{sart2024national,
    title={National Summary Report},
    author={{Society for Assisted Reproductive Technology}},
    year={2024},
    publisher={SART},
    address={Birmingham, AL}
}

@article{zhu2024developmental,
    title={Developmental potential of non- and mono-pronuclear zygotes and associated clinical outcomes in {IVF} cycles},
    author={Zhu, Mingru and Dong, Qiuyuan and Zhu, Yifan and Le, Yingpu and Wang, Tingting and Zhou, Yiting and Yang, Siyu},
    journal={Frontiers in Endocrinology},
    volume={15},
    pages={1361734},
    year={2024},
    doi={10.3389/fendo.2024.1361734}
}

@article{awadalla2021age,
    title={Effect of age and embryo morphology on live birth rate after transfer of unbiopsied blastocysts},
    author={Awadalla, Michael and Kim, Anthony and Vestal, Nicholas and Ho, Jacqueline and Bendikson, Kristin},
    journal={JBRA Assisted Reproduction},
    volume={25},
    number={3},
    pages={373--382},
    year={2021},
    doi={10.5935/1518-0557.20200101}
}

% Vision Transformer and Medical Applications
@article{dosovitskiy2021image,
    title={An image is worth 16x16 words: {T}ransformers for image recognition at scale},
    author={Dosovitskiy, Alexey and Beyer, Lucas and Kolesnikov, Alexander and Weissenborn, Dirk and Zhai, Xiaohua and Unterthiner, Thomas and Houlsby, Neil},
    journal={arXiv preprint arXiv:2010.11929},
    year={2021},
    note={Published in ICLR 2021}
}

@article{alhammuri2023vision,
    title={Vision transformer architecture and applications in digital health: a tutorial and survey},
    author={Al-hammuri, Khalil and Gebali, Fayez and Kanan, Awos and Chelvan, Ilamparithi Thirumarai},
    journal={Visual Computing for Industry, Biomedicine, and Art},
    volume={6},
    pages={14},
    year={2023},
    doi={10.1186/s42492-023-00140-9}
}

% Time-lapse Embryo Dataset
@article{gomez2022timelapse,
    title={A time-lapse embryo dataset for morphokinetic parameter prediction},
    author={Gomez, Tristan and Feyeux, Magalie and Boulant, Justine and Normand, Nicolas and David, Laurent and Paul-Gilloteaux, Perrine and Fréour, Thomas and Mouchère, Harold},
    journal={Data in Brief},
    volume={42},
    pages={108258},
    year={2022},
    publisher={Elsevier},
    doi={10.1016/j.dib.2022.108258},
    note={Dataset available at: https://zenodo.org/records/6390798}
}

% Previous Work by Authors - Inter-observer Variability
@article{fordham2022embryologist,
    title={Embryologist agreement when assessing blastocyst implantation probability: is data-driven prediction the solution to embryo assessment subjectivity?},
    author={Fordham, Daniel E and Rosentraub, Dror and Polsky, Avital L and Aviram, Talia and Wolf, Yotam and Perl, Oriel and Devir, Asnat and Rosentraub, Shahar and Silver, David H and Gold Zamir, Yael and Bronstein, Alex M and Lara Lara, Miguel and Ben Nagi, Jara and Alvarez, Adrian and Munné, Santiago},
    journal={Human Reproduction},
    volume={37},
    number={10},
    pages={2275--2290},
    year={2022},
    publisher={Oxford University Press},
    doi={10.1093/humrep/deac171}
}

% Previous Work by Authors - Bonna Algorithm
@inproceedings{rave2024bonna,
    title={Enhancing Predictive Accuracy in Embryo Implantation: The Bonna Algorithm and its Clinical Implications},
    author={Rave, Gilad and Fordham, Daniel E and Bronstein, Alex M and Silver, David H},
    booktitle={Artificial Intelligence in Healthcare: First International Conference, AIiH 2024, Swansea, UK, September 4--6, 2024, Proceedings, Part II},
    pages={160--171},
    year={2024},
    publisher={Springer Cham},
    doi={10.1007/978-3-031-67285-9_12},
    series={Lecture Notes in Computer Science},
    volume={14976}
}

% AI-Based Embryo Assessment
@inproceedings{silver2020datadriven,
    title={Data-Driven Prediction of Embryo Implantation Probability Using {IVF} Time-lapse Imaging},
    author={David H. Silver and Martin Feder and Yael Gold-Zamir and Avital L. Polsky and Shahar Rosentraub and Efrat Shachor and Adi Weinberger and Pavlo Mazur and Valery D. Zukin and Alex M. Bronstein},
    booktitle={Medical Imaging with Deep Learning},
    year={2020},
    url={https://openreview.net/forum?id=TujK1uTkTP}
}

% Current IVF Counseling Practices
@article{asrm2017embryo,
    title={Guidance on the limits to the number of embryos to transfer: a committee opinion},
    author={{Practice Committee of the American Society for Reproductive Medicine}},
    journal={Fertility and Sterility},
    volume={107},
    number={4},
    pages={901--903},
    year={2017},
    doi={10.1016/j.fertnstert.2017.02.107}
}

@article{asrm2021counselors,
    title={Guidance on qualifications for fertility counselors: a committee opinion},
    author={{American Society for Reproductive Medicine Practice Committee}},
    journal={Fertility and Sterility},
    volume={116},
    number={3},
    pages={585--591},
    year={2021},
    doi={10.1016/j.fertnstert.2021.06.038}
}

% Patient Understanding and Counseling Effectiveness
@article{gameiro2023understanding,
    title={What do women undergoing in vitro fertilization ({IVF}) understand about their chance of {IVF} success?},
    author={Gameiro, Sofia and Finnigan, Anne and Dhillon, Arjun and Evans, Jacky and Wheeldon, Joanne and Skull, Jonathan},
    journal={Human Reproduction Open},
    volume={2023},
    number={4},
    pages={hoad044},
    year={2023},
    doi={10.1093/hropen/hoad044}
}

% =====================================
% MEDIUM PRIORITY REFERENCES
% =====================================

% Deep Technology and Cryostorage
@article{go2023deep,
    title={Deep technology for the optimization of cryostorage},
    author={Go, Kathryn J and Hudson, Cynthia},
    journal={Journal of Assisted Reproduction and Genetics},
    volume={40},
    number={8},
    pages={1829--1834},
    year={2023},
    doi={10.1007/s10815-023-02814-y}
}

% Oocyte Morphology and Developmental Outcomes
@article{reader2022high,
    title={High pressure frozen oocytes have improved ultrastructure but reduced cleavage rates compared to conventionally fixed or vitrified oocytes},
    author={Reader, K L and Pilbrow, B G and Zellhuber-McMillan, S and Mitchell, A J and Juengel, J L and Morbeck, D},
    journal={Reproduction, Fertility and Development},
    volume={34},
    number={18},
    pages={1135--1144},
    year={2022},
    doi={10.1071/RD22118}
}

% Machine Learning in Medical Image Analysis
@article{litjens2017survey,
    title={A survey on deep learning in medical image analysis},
    author={Litjens, Geert and Kooi, Thijs and Bejnordi, Babak Ehteshami and Setio, Arnaud Arindra Adiyoso and Ciompi, Francesco and Ghafoorian, Mohsen and Sánchez, Clara I},
    journal={Medical Image Analysis},
    volume={42},
    pages={60--88},
    year={2017},
    doi={10.1016/j.media.2017.07.005}
}

@article{zhang2021machine,
    title={Machine learning empowering personalized medicine: a comprehensive review of medical image analysis methods},
    author={Zhang, Yudong and Liu, Hui and Hu, Qinghua},
    journal={Electronics},
    volume={12},
    number={21},
    pages={4411},
    year={2021},
    doi={10.3390/electronics12214411}
}

% Embryo Quality Assessment Standardization
@article{racowsky2010standardization,
    title={Standardization of grading embryo morphology},
    author={Racowsky, Catherine and Vernon, Melanie and Mayer, Jennifer and Ball, G David and Behr, Barry and Pomeroy, Kerri O and Stern, Jayme E},
    journal={Journal of Assisted Reproduction and Genetics},
    volume={27},
    number={8},
    pages={437--439},
    year={2010},
    doi={10.1007/s10815-010-9443-2}
}

% Cross-validation and Statistical Methods
@article{varoquaux2022machine,
    title={Machine learning for medical imaging: methodological failures and recommendations for the future},
    author={Varoquaux, Gaël and Cheplygina, Veronika},
    journal={NPJ Digital Medicine},
    volume={5},
    pages={48},
    year={2022},
    doi={10.1038/s41746-022-00592-y}
}

@book{cohen1988statistical,
    title={Statistical Power Analysis for the Behavioral Sciences},
    author={Cohen, Jacob},
    edition={2nd},
    year={1988},
    publisher={Lawrence Erlbaum Associates},
    address={Hillsdale, NJ}
}

@article{mann1947test,
    title={On a test of whether one of two random variables is stochastically larger than the other},
    author={Mann, Henry B and Whitney, Donald R},
    journal={Annals of Mathematical Statistics},
    volume={18},
    number={1},
    pages={50--60},
    year={1947}
}

% Clinical Thresholds and Prognostic Benchmarks
@article{ferraretti2011eshre,
    title={{ESHRE} consensus on the definition of 'poor response' to ovarian stimulation for in vitro fertilization: the {B}ologna criteria},
    author={Ferraretti, Anna Pia and La Marca, Antonio and Fauser, Bart CJM and Tarlatzis, Basil and Nargund, Geeta and Gianaroli, Luca},
    journal={Human Reproduction},
    volume={26},
    number={7},
    pages={1616--1624},
    year={2011},
    doi={10.1093/humrep/der092}
}

@article{humaidan2016poseidon,
    title={The novel {POSEIDON} stratification of 'Low prognosis patients in Assisted Reproductive Technology' and its proposed marker of successful outcome},
    author={Humaidan, Peter and Alviggi, Carlo and Fischer, Robert and Esteves, Sandro C},
    journal={F1000Research},
    volume={5},
    pages={2911},
    year={2016},
    doi={10.12688/f1000research.10382.1}
}

% Reproductive Medicine Statistics
@misc{cdc2023art,
    title={Assisted Reproductive Technology National Summary Report},
    author={{Centers for Disease Control and Prevention}},
    year={2023},
    publisher={US Department of Health and Human Services},
    address={Atlanta}
}

% Advanced Maternal Age Definitions
@article{acog2017advanced,
    title={Committee Opinion No. 713: Antenatal Corticosteroid Therapy for Fetal Maturation},
    author={{American College of Obstetricians and Gynecologists}},
    journal={Obstetrics \& Gynecology},
    volume={130},
    number={2},
    pages={e102--e109},
    year={2017}
}

% =====================================
% LOWER PRIORITY REFERENCES
% =====================================

% Transfer Learning and Small Datasets
@inproceedings{chen2022vision,
    title={When vision transformers outperform {ResNet}s without pre-training or strong data augmentations},
    author={Chen, Xiangning and Hsieh, Cho-Jui and Gong, Boqing},
    booktitle={International Conference on Learning Representations},
    year={2022}
}

% Model Interpretability and Clinical Acceptance
@article{rudin2019stop,
    title={Stop explaining black box machine learning models for high stakes decisions and use interpretable models instead},
    author={Rudin, Cynthia},
    journal={Nature Machine Intelligence},
    volume={1},
    number={5},
    pages={206--215},
    year={2019},
    doi={10.1038/s42256-019-0048-x}
}

% Regulatory Framework for Medical AI
@misc{fda2021ai,
    title={Artificial Intelligence/Machine Learning ({AI}/{ML})-Based Software as a Medical Device ({SaMD}) Action Plan},
    author={{Food and Drug Administration}},
    year={2021},
    publisher={FDA},
    address={Silver Spring, MD}
}

@misc{fda2022clinical,
    title={Clinical Decision Support Software - Guidance for Industry and Food and Drug Administration Staff},
    author={{Food and Drug Administration}},
    year={2022},
    publisher={FDA},
    address={Silver Spring, MD}
}

% Morphokinetics and Time-lapse Analysis
@article{meseguer2011morphokinetics,
    title={The use of morphokinetics as a predictor of embryo implantation},
    author={Meseguer, Marcos and Herrero, Julio and Tejera, Amparo and Hilligsøe, Karen Misager and Ramsing, Niels B and Remohí, José},
    journal={Human Reproduction},
    volume={26},
    number={10},
    pages={2658--2671},
    year={2011},
    doi={10.1093/humrep/der256}
}

% Federated Learning in Healthcare
@article{li2020federated,
    title={Federated learning: Challenges, methods, and future directions},
    author={Li, Tian and Sahu, Anit Kumar and Talwalkar, Ameet and Smith, Virginia},
    journal={IEEE Signal Processing Magazine},
    volume={37},
    number={3},
    pages={50--60},
    year={2020},
    doi={10.1109/MSP.2020.2975749}
}

% Quality Control in IVF Laboratories
@book{mortimer2015quality,
    title={Quality and risk management in the {IVF} laboratory},
    author={Mortimer, David and Mortimer, Sharon T},
    year={2015},
    publisher={Cambridge University Press}
}

% Cost-Effectiveness and Clinical Economics
@article{cutting2008elective,
    title={Elective single embryo transfer: guidelines for practice {B}ritish {F}ertility {S}ociety and {A}ssociation of {C}linical {E}mbryologists},
    author={Cutting, Rachel and Morroll, Debbie and Roberts, Stephen A and Pickering, Susan and Rutherford, Anthony},
    journal={Human Reproduction},
    volume={23},
    number={8},
    pages={1784--1794},
    year={2008}
}

% Responsible AI in Healthcare
@article{topol2019high,
    title={High-performance medicine: the convergence of human and artificial intelligence},
    author={Topol, Eric J},
    journal={Nature Medicine},
    volume={25},
    number={1},
    pages={44--56},
    year={2019},
    doi={10.1038/s41591-018-0300-7}
}

% Multi-center Validation Requirements
@article{rajkomar2019machine,
    title={Machine learning in medicine},
    author={Rajkomar, Alvin and Dean, Jeffrey and Kohane, Isaac},
    journal={New England Journal of Medicine},
    volume={380},
    number={14},
    pages={1347--1358},
    year={2019},
    doi={10.1056/NEJMra1814259}
}

% =====================================
% ADDITIONAL SUPPORTING REFERENCES
% =====================================

% Statistical Methods and Validation
@book{hastie2009elements,
    title={The Elements of Statistical Learning: Data Mining, Inference, and Prediction},
    author={Hastie, Trevor and Tibshirani, Robert and Friedman, Jerome},
    year={2009},
    publisher={Springer-Verlag},
    address={New York}
}

@inproceedings{kingma2015adam,
    title={Adam: A method for stochastic optimization},
    author={Kingma, Diederik P and Ba, Jimmy},
    booktitle={International Conference on Learning Representations},
    year={2015}
}

% Medical Ethics and AI
@book{beauchamp2019principles,
    title={Principles of Biomedical Ethics},
    author={Beauchamp, Tom L and Childress, James F},
    edition={8th},
    year={2019},
    publisher={Oxford University Press},
    address={New York}
}

% =====================================
% LEGACY REFERENCES (for backwards compatibility)
% =====================================

@article{ovarian_reserve_testing,
    title={Testing and interpreting measures of ovarian reserve: a committee opinion},
    author={{Practice Committee of the American Society for Reproductive Medicine}},
    journal={Fertility and Sterility},
    volume={114},
    number={6},
    pages={1151--1157},
    year={2020},
    doi={10.1016/j.fertnstert.2020.09.134}
}

@article{embryo_assessment_consensus,
    title={The {I}stanbul consensus workshop on embryo assessment: proceedings of an expert meeting},
    author={{Alpha Scientists in Reproductive Medicine} and {ESHRE Special Interest Group of Embryology}},
    journal={Human Reproduction},
    volume={26},
    number={6},
    pages={1270--1283},
    year={2011},
    doi={10.1093/humrep/der037}
} 